<record><leader>00000cas a22000007a 4500</leader><controlfield tag="001">17861483</controlfield><controlfield tag="008">880428d18871893txudr ne      0    0eng d</controlfield><datafield ind1=" " ind2=" " tag="010"><subfield code="a">sn 88083380 </subfield></datafield><datafield ind1=" " ind2=" " tag="040"><subfield code="a">PPM</subfield><subfield code="b">eng</subfield><subfield code="c">PPM</subfield><subfield code="d">OCLCQ</subfield></datafield><datafield ind1=" " ind2=" " tag="042"><subfield code="a">msc</subfield></datafield><datafield ind1="0" ind2=" " tag="130"><subfield code="a">Enterprise (Cleburne, Tex.)</subfield></datafield><datafield ind1="1" ind2="4" tag="245"><subfield code="a">The enterprise.</subfield></datafield><datafield ind1=" " ind2=" " tag="260"><subfield code="a">Cleburne, Tex. :</subfield><subfield code="b">A.H. Yeager</subfield></datafield><datafield ind1=" " ind2=" " tag="310"><subfield code="a">Daily</subfield></datafield><datafield ind1="1" ind2=" " tag="362"><subfield code="a">Began in 1887?</subfield></datafield><datafield ind1=" " ind2=" " tag="588"><subfield code="a">Description based on: Vol. 1, no. 11 (Aug. 11, 1887).</subfield></datafield><datafield ind1=" " ind2=" " tag="752"><subfield code="a">United States</subfield><subfield code="b">Texas</subfield><subfield code="c">Johnson</subfield><subfield code="d">Cleburne.</subfield></datafield><datafield ind1="0" ind2="0" tag="785"><subfield code="t">Triweekly enterprise (Cleburne, Tex.)</subfield><subfield code="w">(OCoLC)15924122</subfield></datafield></record>